@article{greenberg2010simplified,
  title={A simplified introduction to LATEX},
  author={Greenberg, Harvey J},
  journal={University of Colorado at Denver (http://samizdat. mines. edu/latex/)},
  year={2010}
}
@article{gilabert2006intelligent,
  title={Intelligent automation systems for predictive maintenance: A case study},
  author={Gilabert, Eduardo and Arnaiz, Aitor},
  journal={Robotics and Computer-Integrated Manufacturing},
  volume={22},
  number={5-6},
  pages={543--549},
  year={2006},
  publisher={Elsevier}
}
@article{bilobrovec2004implementaccao,
  title={Implementa{\c{c}}{\~a}o de um sistema de controle inteligente utilizando a l{\'o}gica fuzzy},
  author={Bilobrovec, Marcelo and Mar{\c{c}}al, Rui Francisco Martins and Kovaleski, Jo{\~a}o Luis},
  journal={XI SIMPEP, Bauru/Brasil},
  pages={42},
  year={2004}
}
@article{bauchspiess2004introduccao,
  title={Introdu{\c{c}}{\~a}o aos Sistemas Inteligentes},
  author={Bauchspiess, Adolfo},
  journal={Aplica{\c{c}}{\~o}es em Engenharia de Redes Neurais Artificiais, L{\'o}gica Fuzzy e Sistemas Neuro-Fuzzy},
  year={2004}
}
